@article{Brehmer2013,
	author = {Brehmer, M. and Munzner, T.},
	number = {12},
	pages = {2376--2385},
	title = {{A multi-level typology of abstract visualization tasks}},
	journal = {IEEE Trans. Visualization and Computer Graphics (Proc. InfoVis)},
	volume = {19},
	year = {2013}
}
@book{Munzner2014,
	author = {Munzner, T.},
	publisher = {A K Peters Visualization Series, CRC Press},
	title = {{Visualization Analysis and Design}},
	year = {2014}
}
@inproceedings{Erickson2013,
	author = {Erickson, T. and Li, M. and Kim, Y. and Deshpande, A. and Sahu, S. and Chao, T. and Sukaviriya, P. and Naphade, M.},
	title = {{The Dubuque electricity portal: Evaluation of a city-scale residential electricity consumption feedback system}},
	booktitle = {Proc. ACM SIGCHI Conf. Human Factors in Computing Systems (CHI)},
	pages = {1203--1212},
	year = {2013}
}
@inproceedings{vanWijk1999,
	author = {Wijk, J. J. van and Selow, E. R. van},
	title = {{Cluster and calendar based visualization of time series data}},
	booktitle = {Proc. IEEE Symp. Information Visualization (InfoVis)},
	pages = {4--9},
	year = {1999}
}
@misc{Heat2014,
	key = "heat",
	title = {{HEAT (Heat Energy Assessment Technologies) Map}},
    note = {http://saveheat.co/heat-scores.php}
}
@misc{MEP2014,
	key = "mep",
	title = {{McGill Energy Project (MEP) Energy Map}},
    note = {http://mcgillenergyproject.com/map.php}
}
@article{Goodwin2013,
	author = {Goodwin, S. and Dykes, J. and Jones, S. and Dillingham, I. and Dove, G. and Duffy, A. and Kachkaev, A. and Slingsby, A. and Wood, J.},
	number = {12},
	pages = {2516--2525},
	title = {{Creative user-centered visualization design for energy analysts and modelers}},
	journal = {IEEE Trans. Visualization and Computer Graphics (Proc. InfoVis)},
	volume = {19},
	year = {2013}
}
@book{Aigner2011,
	author = {Aigner, W. and Miksch, S. and Schumann, H. and Tominski, C.},
	title = {{Visualization of Time-Oriented Data}},
	publisher = {Springer},
	year = {2011}
}
@article{Lam2007,
	author = {Lam, H. and Munzner, T. and Kincaid, R.},	
	journal = {IEEE Trans. Visualization and Computer Graphics (Proc. InfoVis)},
	number = {6},
	pages = {1278--1285},
	title = {{Overview use in multiple visual information resolution interfaces}},
	volume = {13},
	year = {2007}
}
@inproceedings{McLachlan2008,
	author = {McLachlan, P. and Munzner, T. and Koutsofios, E. and North, S.},
	title = {{LiveRAC: Interactive visual exploration of system management time-series data}},
	booktitle = {Proc. ACM SIGCHI Conf. Human Factors in Computing Systems (CHI)},
	pages = {1483--1492},
	year = {2008}
}
@article{Meyer2013,
	author = {Meyer, M. and Sedlmair, M. and Quinan, P. S. and Munzner, T.},
	title = {{The nested blocks and guidelines model}},
	journal = {Information Visualization},
	note = {http://doi.org/10.1177/1473871613510429},
	year={2013 (In press)}
}
@article{Gratzl2013,
	author = {Gratzl, S. and Lex, A. and Gehlenborg, N. and Pfister, H. and Streit, M.},
	number = {12},
	pages = {2277--2286},
	title = {{LineUp: Visual analysis of multi-attribute rankings}},
	journal = {IEEE Trans. Visualization and Computer Graphics (Proc. InfoVis)},
	volume = {19},
	year = {2013}
}
@article{Hur2013,
	author = {Hur, I and Kim, S.-H. and Samak, A. and Yi, J. S.},
	title = {{A comparative study of three sorting techniques in performing cognitive tasks on a tabular representation}},
	journal = {Intl. J. Human-Computer Interaction (IJHCI)},
	number = {6},
	pages = {379--390},
	volume = {29},
	year = {2013}
}
@article{Sedlmair2011,
	author = {Sedlmair, M. and Isenberg, P. and Baur, D. and Butz, A.},
	journal = {Information Visualization},
	number = {3},
	pages = {248--266},
	title = {{Information visualization evaluation in large companies: Challenges, experiences and recommendations}},
	volume = {10},
	year = {2011}
}
@article{McKenna2014,
	author = {McKenna, S. and Mazur, D. and Agutter, J. and Meyer, M.},
	journal = {IEEE Trans. Visualization and Computer Graphics (Proc. InfoVis)},
	number = {12},
	pages = {2191--2200},
	title = {{Design activity framework for visualization design}},
	volume = {20},
	year = {2014}
}
@misc{McNamara2014,
    author = {McNamara, L. and Cole, K. and Stevens-Adams, S.},
	title = {{``Where Do I Start?'' Practical Methods for Design Studies in InfoVis and Visual Analysis}},
    note = {IEEE VIS Tutorial},
    year = {2014}
}
@inproceedings{Brehmer2014a,
	author = {Brehmer, M. and Carpendale, S. and Lee, B. and Tory, M.},
	title = {{Pre-design empiricism for information visualization: Scenarios, methods, and challenges}},
	booktitle = {Proc. ACM BELIV Workshop},
	year = {2014}
}
@article{Lloyd2011,
    author = {Lloyd, D. and Dykes, J.},
    title = {{Human-centered approaches in geovisualization design: investigating multiple methods through a long-term case study.}},
    journal = {IEEE Trans. Visualization and Computer Graphics (Proc. InfoVis)},
    number = {12},
    pages = {2498--2507},
    volume = {17},
    year = {2011}
}
@article{Sedlmair2012,
    author = {Sedlmair, M. and Meyer, M. and Munzner, T.},
    journal = {IEEE Trans. Visualization and Computer Graphics (Proc. InfoVis)},
    number = {12},
    pages = {2431--2440},
    title = {{Design study methodology: Reflections from the trenches and the stacks}},
    volume = {18},
    year = {2012}
}
@inproceedings{Albers2014,
    author = {Albers, D. and Correll, M. and Gleicher, M.},
    title = {{Task-driven evaluation of aggregation in time series visualization}},
    booktitle = {Proc. ACM SIGCHI Conf. Human Factors in Computing Systems (CHI)},
    pages = {551--560},
    year = {2014}
}
@article{Brehmer2014,
  author = {Brehmer, M. and Ingram, S. and Stray, J. and Munzner, T.},
  title = {{Overview: The design, adoption, and analysis of a visual document mining tool for investigative journalists}},
    journal = {IEEE Trans. Visualization and Computer Graphics (Proc. InfoVis)},
    number = {12},
    pages = {2271 - 2280},
    volume = {20},
    year = {2014}
}
@misc{Few2014,
    author = {Few, S.},
    title = {{Distribution displays, conventional and potential}},
    note = {Technical report. http://goo.gl/zy8uAo},
    year = {2014}
}
@misc{Wickham2011,
	title = {40 years of boxplots},
	author = {Wickham, H. and Stryjewski, L.},
	note = {Technical report. http://vita.had.co.nz/papers/boxplots.pdf},
	year = {2011}
}
@misc{Field2015,
	title = {When is a heat map not a heat map},
	author = {Field, K.},
	note = {Blog post. http://goo.gl/WnOPXo},
	year = {Feb. 17 2015}
}
@inproceedings{Fuchs2013,
    author = {Fuchs, J. and Fischer, F. and Mansmann, F. and Bertini, E. and Isenberg, P.},
    title = {{Evaluation of alternative glyph designs for time series data in a small multiple setting}},
    booktitle = {Proc. ACM SIGCHI Conf. Human Factors in Computing Systems (CHI)},
    pages = {3237--3246},
    year = {2013}
}
@article{Javed2010,
    author = {Javed, W. and McDonnel, B. and Elmqvist, N.},
    journal = {IEEE Trans. Visualization and Computer Graphics (Proc. InfoVis))},
    number = {6},
    pages = {927--934},
    title = {{Graphical perception of multiple time series}},
    volume = {16},
    year = {2010}
}
@inproceedings{Perin2013,
    author = {Perin, C. and Vernier, F. and Fekete, J. D.},
    title = {{Interactive horizon graphs: Improving the compact visualization of multiple time series}},
    booktitle = {Proc. ACM SIGCHI Conf. Human Factors in Computing Systems (CHI)},
    pages = {3217--3226},
    year = {2013}
}
@inproceedings{Heer2009,
    author = {Heer, J. and Kong, N. and Agrawala, M.},
    title = {{Sizing the horizon: The effects of chart size and layering on the graphical perception of time series visualizations}},
    booktitle = {Proc. ACM SIGCHI Conf. Human Factors in Computing Systems (CHI)},
    pages = {1303--1312},
    year = {2009}
}
@book{Vicente1999,
  author = {Vicente, K. J.},
  publisher = {CRC Press},
  title = {{Cognitive Work Analysis: Toward Safe, Productive, and Healthy Computer-Based Work}},
  year = {1999}
}
@inproceedings{Wattenberg2005,
    author = {Wattenberg, M.},
    title = {{Baby names, visualization, and social data analysis}},
    booktitle = {Proc. IEEE Symp. Information Visualization},
    year = {2005}
}
@inproceedings{Chuang2012,
    author = {Chuang, J. and Ramage, D. and Manning, C. D. and Heer, J.},
    booktitle = {Proc. ACM SIGCHI Conf. Human Factors in Computing Systems (CHI)},
    pages = {443--452},
    title = {{Interpretation and trust: Designing model-driven visualizations for text analysis}},
    year = {2012}
}
@article{Munzner2009,
    author = {Munzner, T.},
    journal = {IEEE Trans. Visualization and Computer Graphics (Proc. InfoVis)},
    number = {6},
    pages = {921--928},
    title = {{A nested model for visualization design and validation}},
    volume = {15},
    year = {2009}
}
@article{Wilkinson2009,
	author = {Wilkinson, L. and Friendly, M.},
	journal = {The American Statistician},
	pages = {179--184},
	title = {{The history of the cluster heat map}},
	volume = {63},
	year = {2009}
}
@article{Rodgers2011,
    author = {Rodgers, J. and Bartram, L.},
    journal = {IEEE Transactions on Visualization and Computer Graphics (Proc. InfoVis)},
    number = {12},
    pages = {2489--2497},
    title = {{Exploring ambient and artistic visualization for residential energy use feedback}},
    volume = {17},
    year = {2011}
}
@Article{Elmqvist2010,
    title =	{{Hierarchical aggregation for information visualization: Overview, techniques and design guidelines}},
    author = {Elmqvist, N. and Fekete, J.-D.},
    journal = {IEEE Transactions on Visualization and Computer Graphics (TVCG)},
    volume = {16},
    number = {3},
    year = {2010},
    pages = {439--454},
}
@article{Bostock2011,
    author = {Bostock, M. and Ogievetsky, V. and Heer, J.},
    journal = {IEEE Trans. Visualization and Computer Graphics (Proc. InfoVis)},
    number = {12},
    pages = {2301--2309},
    title = {{D$^3$: Data-driven documents}},
    volume = {17},
    year = {2011}
}
@inproceedings{Metoyer2012,
	author = {Metoyer, R. and Lee, B. and Riche, N. H. and Czerwinski, M.},
	title = {{Understanding the verbal language and structure of end-user descriptions of data visualizations}},
	booktitle = {Proc. ACM SIGCHI Conf. Human Factors in Computing Systems (CHI)},
	year = {2012},
	pages = {1659--1662}
}
@article{Borkin2011,
	author = {Borkin, M. A. and Gajos, K. Z. and Peters, A. and Mitsouras, D. and Melchionna, S. and Rybicki, F. J. and Feldman, C. L. and Pfister, H.},
	journal = {IEEE Trans. Visualization and Computer Graphics (TVCG)},
	number = {12},
	pages = {2479--2488},
	title = {{Evaluation of artery visualizations for heart disease diagnosis}},
	volume = {17},
	year = {2011}
}